[gd_scene load_steps=4 format=2]

[ext_resource path="res://Assets/Fonts/new_dynamicfont.tres" type="DynamicFont" id=1]
[ext_resource path="res://Assets/Fonts/NEWGAME.tres" type="DynamicFont" id=2]
[ext_resource path="res://Assets/kenney_platformerpack/Spritesheets/spritesheet_alien.png" type="Texture" id=3]

[node name="MarginContainer" type="MarginContainer"]
anchor_right = 1.0
anchor_bottom = 1.0
rect_scale = Vector2( 0.951453, 0.921264 )
custom_constants/margin_right = 120
custom_constants/margin_top = 80
custom_constants/margin_left = 120
custom_constants/margin_bottom = 80

[node name="HBoxContainer" type="HBoxContainer" parent="."]
margin_left = 120.0
margin_top = 80.0
margin_right = 1285.0
margin_bottom = 557.0
custom_constants/separation = 1

[node name="VBoxContainer" type="VBoxContainer" parent="HBoxContainer"]
margin_right = 652.0
margin_bottom = 477.0
size_flags_vertical = 3
custom_constants/separation = 105
alignment = 1

[node name="Label" type="Label" parent="HBoxContainer/VBoxContainer"]
margin_right = 652.0
margin_bottom = 216.0
custom_fonts/font = ExtResource( 1 )
custom_constants/line_spacing = 10
text = "ALIEN 
CONQUEST"
align = 1

[node name="VBoxContainer" type="VBoxContainer" parent="HBoxContainer/VBoxContainer"]
margin_top = 321.0
margin_right = 652.0
margin_bottom = 477.0
size_flags_vertical = 3
custom_constants/separation = 18
alignment = 1

[node name="NEW GAME" type="LinkButton" parent="HBoxContainer/VBoxContainer/VBoxContainer"]
margin_right = 652.0
margin_bottom = 69.0
custom_fonts/font = ExtResource( 2 )
custom_colors/font_color = Color( 1, 0.435294, 0.670588, 1 )
text = "NEW QUEST"
underline = 1

[node name="SELECT STAGE" type="LinkButton" parent="HBoxContainer/VBoxContainer/VBoxContainer"]
margin_top = 87.0
margin_right = 652.0
margin_bottom = 156.0
custom_fonts/font = ExtResource( 2 )
custom_colors/font_color = Color( 1, 0.435294, 0.670588, 1 )
text = "SELECT STAGE"
underline = 1

[node name="CenterContainer" type="CenterContainer" parent="HBoxContainer"]
margin_left = 418.0
margin_top = 86.0
margin_right = 1165.0
margin_bottom = 422.0

[node name="TextureRect" type="TextureRect" parent="HBoxContainer/CenterContainer"]
margin_left = 117.0
margin_top = 40.0
margin_right = 629.0
margin_bottom = 296.0
texture = ExtResource( 3 )
